<?xml version="1.0" encoding="UTF-8"?><collection xmlns="http://www.loc.gov/MARC21/slim"><record><leader>00464nam--2200169-i-4500</leader><controlfield tag="001">000041721</controlfield><controlfield tag="002">20161230</controlfield><controlfield tag="005">20161230201043</controlfield><controlfield tag="008">060222s1000------------r-----000-0-eng-d</controlfield><datafield ind1=" " ind2=" " tag="040"><subfield code="a">IFIN-HH</subfield></datafield><datafield ind1=" " ind2=" " tag="080"><subfield code="a">539.171.2.017:546.292</subfield></datafield><datafield ind1="1" ind2=" " tag="100"><subfield code="a">Singhal,R.P</subfield></datafield><datafield ind1="1" ind2="0" tag="245"><subfield code="a">Inelastic electron scattering from 20,22 ne</subfield><subfield code="c">R.p. singhal</subfield></datafield><datafield ind1=" " ind2=" " tag="260"><subfield code="a">Glasgow</subfield><subfield code="b">University Of Glasgow</subfield><subfield code="c">1972</subfield></datafield><datafield ind1=" " ind2=" " tag="300"><subfield code="a">24 P. + 9 FIG</subfield></datafield><datafield ind1=" " ind2=" " tag="852"><subfield code="a">38633</subfield><subfield code="c">539.17</subfield></datafield><datafield ind1=" " ind2=" " tag="CAT"><subfield code="a">Sys</subfield><subfield code="c">20120611</subfield><subfield code="h">101014</subfield></datafield></record></collection>